@inproceedings{kaplan96purely,
 author = {Haim Kaplan and Robert E. Tarjan},
 title = {Purely functional representations of catenable sorted
   lists},
 booktitle = {STOC '96: Proc. 28th ACM
   {Symposium on Theory of Computing}},
 year = {1996},
 isbn = {0-89791-785-5},
 pages = {202--211},
 publisher = {ACM},
}

@article{HinzePat,
title={Finger Trees: A Simple General-purpose Data
Structure},
author = {Ralf Hinze and Ross Paterson},
journal={Journal of Functional Programming},
volume = {16},
number = {2}, 
year = {2006}, 
pages={ 197--217},
}

@article{BrownTarjan,
author    = {Mark R. Brown and Robert Endre Tarjan},
title     = {A Fast Merging Algorithm},
journal   = {J. ACM},
volume    = {26},
number    = {2},
year      = {1979},
pages     = {211--226},
}